


@article{Neumaier,
author = {Neumaier, Felix and Zlatopolskiy, Boris and Neumaier, Bernd},
year = {2023},
month = {03},
pages = {2890},
title = {Mutated Isocitrate Dehydrogenase (mIDH) as Target for PET Imaging in Gliomas},
volume = {28},
journal = {Molecules},
doi = {10.3390/molecules28072890}
}


@misc{UltraLowDosePET2022,
  title = {Ultra-low Dose PET Imaging Challenge 2022},
  howpublished = {\url{https://doi.org/10.5281/zenodo.6361846}},
  year = {2022},
  note = {Accessed: 2025-01-20}
}

@article{Ren2022,
  author = {Ren, Mengwei and Delbracio, Mauricio and Talebi, Hossein and Gerig, Guido and Milanfar, Peyman},
  title = {Multiscale Structure Guided Diffusion for Image Deblurring},
  journal = {arXiv preprint arXiv:2212.01789},
  year = {2022},
  note = {Accessed: 2025-01-20},
  url = {https://arxiv.org/abs/2212.01789}
}

@article{Saharia2022,
  author = {Saharia, Chitwan and Ho, Jonathan and Chan, William and Salimans, Tim and Fleet, David J. and Norouzi, Mohammad},
  title = {Image Super-Resolution via Iterative Refinement},
  journal = {IEEE Transactions on Pattern Analysis and Machine Intelligence},
  year = {2022},
  note = {Accessed: 2025-01-20},
  url = {https://ieeexplore.ieee.org/document/9887996}
}

@article{Zhu2022,
  author = {Zhu, Ye and Wu, Yu and Olszewski, Kyle and Ren, Jian and Tulyakov, Sergey and Yan, Yan},
  title = {Discrete Contrastive Diffusion for Cross-Modal and Conditional Generation},
  journal = {arXiv preprint arXiv:2206.07771},
  year = {2022},
  note = {Accessed: 2025-01-20},
  url = {https://arxiv.org/pdf/2206.07771}
}

@article{Haggstrom2019,
  author = {H{\"a}ggstr{\"o}m, Ida and Schmidtlein, Charles R. and Campanella, Gabriel and Fuchs, Thomas J.},
  title = {DeepPET: A Deep Encoder–Decoder Network for Direct PET Image Reconstruction},
  journal = {Medical Image Analysis},
  volume = {54},
  pages = {253--262},
  year = {2019},
  note = {Accessed: 2025-01-20},
  url = {https://www.sciencedirect.com/science/article/pii/S1361841518306723}
}

@article{Wang2018,
  author = {Wang, Ying and Zhou, Lei and Yu, Biao and Wang, Li and Zu, Chao and Lalush, David S. and Lin, Weili and Wu, Xiaoping and Zhou, Jiliu and Shen, Dinggang},
  title = {3D Conditional Generative Adversarial Networks for High-Quality PET Image Estimation at Low Dose},
  journal = {NeuroImage},
  volume = {174},
  pages = {550--562},
  year = {2018},
  note = {Accessed: 2025-01-20},
  url = {https://www.sciencedirect.com/science/article/pii/S1053811918304961}
}

@article{Yu2019,
  author = {Yu, Biao and Zhou, Lei and Wang, Li and Shi, Feng and Fripp, Jurgen and Bourgeat, Pierrick},
  title = {Ea-GANs: Edge-Aware Generative Adversarial Networks for Cross-Modality MR Image Synthesis},
  journal = {IEEE Transactions on Medical Imaging},
  volume = {38},
  number = {7},
  pages = {1750--1762},
  year = {2019},
  note = {Accessed: 2025-01-20},
  url = {https://ieeexplore.ieee.org/document/8629301}
}

@article{Luo2022,
  author = {Luo, Yating and Zhou, Lei and Zhan, Bo and Fei, Yanan and Zhou, Jiliu and Wang, Ying and Shen, Dinggang},
  title = {Adaptive Rectification Based Adversarial Network with Spectrum Constraint for High-quality PET Image Synthesis},
  journal = {Medical Image Analysis},
  volume = {77},
  pages = {102335},
  year = {2022},
  note = {Accessed: 2025-01-20},
  url = {https://www.sciencedirect.com/science/article/pii/S1361841522000021}
}

@inproceedings{Zeng2022,
  author = {Zeng, Peipei and Zhou, Lei and Zu, Chao and Zeng, Xiaoyun and Jiao, Zonglei and Wu, Xiaoping and Zhou, Jiliu and Shen, Dinggang and Wang, Ying},
  title = {3D CVT-GAN: A 3D Convolutional Vision Transformer-GAN for PET Reconstruction},
  booktitle = {Medical Image Computing and Computer Assisted Intervention -- MICCAI 2022},
  pages = {516--526},
  year = {2022},
  note = {Accessed: 2025-01-20},
  url = {https://link.springer.com/chapter/10.1007/978-3-031-16446-0_49}
}

@inproceedings{Vahdat2020,
  author = {Vahdat, Arash and Kautz, Jan},
  title = {NVAE: A Deep Hierarchical Variational Autoencoder},
  booktitle = {Advances in Neural Information Processing Systems (NeurIPS)},
  year = {2020},
  note = {Accessed: 2025-01-20},
  url = {https://proceedings.neurips.cc/paper/2020/file/e3b21256183cf7c2c7a66be163579d37-Paper.pdf}
}

@ARTICLE{363108,
  author={Hudson, H.M. and Larkin, R.S.},
  journal={IEEE Transactions on Medical Imaging}, 
  title={Accelerated image reconstruction using ordered subsets of projection data}, 
  year={1994},
  volume={13},
  number={4},
  pages={601-609},
  keywords={Acceleration;Image reconstruction;Iterative algorithms;Convergence;Image restoration;Single photon emission computed tomography;Positron emission tomography;Bayesian methods;Application software},
  doi={10.1109/42.363108}}


@article{POLSON2025102020,
title = {PyTomography: A python library for medical image reconstruction},
journal = {SoftwareX},
volume = {29},
pages = {102020},
year = {2025},
issn = {2352-7110},
doi = {https://doi.org/10.1016/j.softx.2024.102020},
url = {https://www.sciencedirect.com/science/article/pii/S235271102400390X},
author = {Lucas A. Polson and Roberto Fedrigo and Chenguang Li and Maziar Sabouri and Obed Dzikunu and Shadab Ahamed and Nicolas Karakatsanis and Sara Kurkowska and Peyman Sheikhzadeh and Pedro Esquinas and Arman Rahmim and Carlos Uribe},
}

@article{Kandarpa_2021,
   title={DUG-RECON: A Framework for Direct Image Reconstruction Using Convolutional Generative Networks},
   volume={5},
   ISSN={2469-7303},
   url={http://dx.doi.org/10.1109/TRPMS.2020.3033172},
   DOI={10.1109/trpms.2020.3033172},
   number={1},
   journal={IEEE Transactions on Radiation and Plasma Medical Sciences},
   publisher={Institute of Electrical and Electronics Engineers (IEEE)},
   author={Kandarpa, V. S. S. and Bousse, Alexandre and Benoit, Didier and Visvikis, Dimitris},
   year={2021},
   month=jan, pages={44–53} }


@misc{xue2023cg3dsrganclassificationguided3d,
      title={CG-3DSRGAN: A classification guided 3D generative adversarial network for image quality recovery from low-dose PET images}, 
      author={Yuxin Xue and Yige Peng and Lei Bi and Dagan Feng and Jinman Kim},
      year={2023},
      eprint={2304.00725},
      archivePrefix={arXiv},
      primaryClass={eess.IV},
      url={https://arxiv.org/abs/2304.00725}, 
}

@misc{ho2020denoisingdiffusionprobabilisticmodels,
      title={Denoising Diffusion Probabilistic Models}, 
      author={Jonathan Ho and Ajay Jain and Pieter Abbeel},
      year={2020},
      eprint={2006.11239},
      archivePrefix={arXiv},
      primaryClass={cs.LG},
      url={https://arxiv.org/abs/2006.11239}, 
}


@InProceedings{pmlr-v37-sohl-dickstein15,
  title = 	 {Deep Unsupervised Learning using Nonequilibrium Thermodynamics},
  author = 	 {Sohl-Dickstein, Jascha and Weiss, Eric and Maheswaranathan, Niru and Ganguli, Surya},
  booktitle = 	 {Proceedings of the 32nd International Conference on Machine Learning},
  pages = 	 {2256--2265},
  year = 	 {2015},
  editor = 	 {Bach, Francis and Blei, David},
  volume = 	 {37},
  series = 	 {Proceedings of Machine Learning Research},
  address = 	 {Lille, France},
  month = 	 {07--09 Jul},
  publisher =    {PMLR},
  pdf = 	 {http://proceedings.mlr.press/v37/sohl-dickstein15.pdf},
  url = 	 {https://proceedings.mlr.press/v37/sohl-dickstein15.html},
}
